
##############################
### DFT related references ###
##############################

@article{ langreth1977,
	title = {Exchange-correlation energy of a metallic surface: Wave-vector analysis},
	author = {Langreth, David C. and Perdew, John P.},
	journal = {Phys. Rev. B},
	volume = {15},
	number = {6},
	pages = {2884--2901},
	numpages = {17},
	year = {1977},
	month = {Mar},
	doi = {10.1103/PhysRevB.15.2884},
	publisher = {American Physical Society}
}

@article{ hammer1999,
	title = {Improved adsorption energetics within density-functional theory using revised Perdew-Burke-Ernzerhof functionals},
	author = {Hammer, B.  and Hansen, L. B. and N\o{}rskov, J. K.},
	journal = {Phys. Rev. B},
	volume = {59},
	number = {11},
	pages = {7413--7421},
	numpages = {8},
	year = {1999},
	month = {Mar},
	doi = {10.1103/PhysRevB.59.7413},
	publisher = {American Physical Society}
}

@article{ vanderbilt1990,
	title = {Soft self-consistent pseudopotentials in a generalized eigenvalue formalism},
	author = {Vanderbilt, David },
	journal = {Phys. Rev. B},
	volume = {41},
	number = {11},
	pages = {7892--7895},
	numpages = {3},
	year = {1990},
	month = {Apr},
	doi = {10.1103/PhysRevB.41.7892},
	publisher = {American Physical Society}
}

@article{ hohenberg1964,
	title = {Inhomogeneous Electron Gas},
	author = {Hohenberg, P.  and Kohn, W. },
	journal = {Phys. Rev.},
	volume = {136},
	number = {3B},
	pages = {B864--B871},
	numpages = {7},
	year = {1964},
	month = {Nov},
	doi = {10.1103/PhysRev.136.B864},
	publisher = {American Physical Society}
}

@article{ kohn1965,
	title = {Self-Consistent Equations Including Exchange and Correlation Effects},
	author = {Kohn, W.  and Sham, L. J.},
	journal = {Phys. Rev.},
	volume = {140},
	number = {4A},
	pages = {A1133--A1138},
	numpages = {5},
	year = {1965},
	month = {Nov},
	doi = {10.1103/PhysRev.140.A1133},
	publisher = {American Physical Society}
}

@article{ perdew1996,
	title = {Generalized Gradient Approximation Made Simple},
	author = {Perdew, John P. and Burke, Kieron  and Ernzerhof, Matthias },
	journal = {Phys. Rev. Lett.},
	volume = {77},
	number = {18},
	pages = {3865--3868},
	numpages = {3},
	year = {1996},
	month = {Oct},
	doi = {10.1103/PhysRevLett.77.3865},
	publisher = {American Physical Society}
}

@article{ kohn1999,
	title = {Nobel Lecture: Electronic structure of matter\char22{}wave functions and density functionals},
	author = {Kohn, W. },
	journal = {Rev. Mod. Phys.},
	volume = {71},
	number = {5},
	pages = {1253--1266},
	numpages = {13},
	year = {1999},
	month = {Oct},
	doi = {10.1103/RevModPhys.71.1253},
	publisher = {American Physical Society}
}

Never even seen this article
@article{ pople1999,
	title = {Nobel Lecture: Quantum chemical models},
	author = {Pople, John A.},
	journal = {Rev. Mod. Phys.},
	volume = {71},
	number = {5},
	pages = {1267--1274},
	numpages = {7},
	year = {1999},
	month = {Oct},
	doi = {10.1103/RevModPhys.71.1267},
	publisher = {American Physical Society}
}
